@ARTICLE{cbecs2012,
	AUTHOR = "U.S. Energy Information Administration",
	TITLE = "User's Guide to the 2012 CBECS Public Use Microdata File",
	JOURNAL = {{Commercial Buildings Energy Consumption Survey (CBECS)}},
	PAGES = {33},
	MONTH = "May",
	YEAR = {2016}	
}
